@article{gentzkow2019measuring,
  title={Measuring Group Differences in High-Dimensional Choices: Method and Application to Congressional Speech},
  author={Gentzkow, Matthew and Shapiro, Jesse M and Taddy, Matt},
  journal={Econometrica},
  volume={87},
  number={4},
  pages={1307--1340},
  year={2019},
  publisher={Wiley Online Library}
}

@article{allcott2017social,
	title={Social media and fake news in the 2016 election},
	author={Allcott, Hunt and Gentzkow, Matthew},
	journal={Journal of economic perspectives},
	volume={31},
	number={2},
	pages={211--36},
	year={2017}
}

@article{gentzkow2011effect,
	title={The effect of newspaper entry and exit on electoral politics},
	author={Gentzkow, Matthew and Shapiro, Jesse M and Sinkinson, Michael},
	journal={American Economic Review},
	volume={101},
	number={7},
	pages={2980--3018},
	year={2011}
}

@article{gentzkow2010drives,
	title={What drives media slant? Evidence from US daily newspapers},
	author={Gentzkow, Matthew and Shapiro, Jesse M},
	journal={Econometrica},
	volume={78},
	number={1},
	pages={35--71},
	year={2010},
	publisher={Wiley Online Library}
}

@article{gentzkow2008competition,
	title={Competition and Truth in the Market for News},
	author={Gentzkow, Matthew and Shapiro, Jesse M},
	journal={Journal of Economic perspectives},
	volume={22},
	number={2},
	pages={133--154},
	year={2008}
}

@article{gentzkow2006media,
	title={Media bias and reputation},
	author={Gentzkow, Matthew and Shapiro, Jesse M},
	journal={Journal of political Economy},
	volume={114},
	number={2},
	pages={280--316},
	year={2006},
	publisher={The University of Chicago Press}
}

@article{flesch1948new,
	title={A new readability yardstick.},
	author={Flesch, Rudolph},
	journal={Journal of applied psychology},
	volume={32},
	number={3},
	pages={221},
	year={1948},
	publisher={American Psychological Association}
}

@article{dupret2001bootstrap,
	title={Bootstrap re-sampling for unbalanced data in supervised learning},
	author={Dupret, Georges and Koda, Masato},
	journal={European Journal of Operational Research},
	volume={134},
	number={1},
	pages={141--156},
	year={2001},
	publisher={Elsevier}
}

@article{wang2015unified,
	title={A unified tagging solution: Bidirectional lstm recurrent neural network with word embedding},
	author={Wang, Peilu and Qian, Yao and Soong, Frank K and He, Lei and Zhao, Hai},
	journal={arXiv preprint arXiv:1511.00215},
	year={2015}
}

@article{hochreiter1997long,
	title={Long short-term memory},
	author={Hochreiter, Sepp and Schmidhuber, J{\"u}rgen},
	journal={Neural computation},
	volume={9},
	number={8},
	pages={1735--1780},
	year={1997},
	publisher={MIT Press}
}

@inproceedings{pennington2014glove,
	title={Glove: Global vectors for word representation},
	author={Pennington, Jeffrey and Socher, Richard and Manning, Christopher},
	booktitle={Proceedings of the 2014 conference on empirical methods in natural language processing (EMNLP)},
	pages={1532--1543},
	year={2014}
}

@inproceedings{gers2000recurrent,
	title={Recurrent nets that time and count},
	author={Gers, Felix A and Schmidhuber, J{\"u}rgen},
	booktitle={Proceedings of the IEEE-INNS-ENNS International Joint Conference on Neural Networks. IJCNN 2000. Neural Computing: New Challenges and Perspectives for the New Millennium},
	volume={3},
	pages={189--194},
	year={2000},
	organization={IEEE}
}

@article{chung2014empirical,
	title={Empirical evaluation of gated recurrent neural networks on sequence modeling},
	author={Chung, Junyoung and Gulcehre, Caglar and Cho, KyungHyun and Bengio, Yoshua},
	journal={arXiv preprint arXiv:1412.3555},
	year={2014}
}

@article{yao2015depth,
	title={Depth-gated LSTM},
	author={Yao, Kaisheng and Cohn, Trevor and Vylomova, Katerina and Duh, Kevin and Dyer, Chris},
	journal={arXiv preprint arXiv:1508.03790},
	year={2015}
}

@article{greff2016lstm,
	title={LSTM: A search space odyssey},
	author={Greff, Klaus and Srivastava, Rupesh K and Koutn{\'\i}k, Jan and Steunebrink, Bas R and Schmidhuber, J{\"u}rgen},
	journal={IEEE transactions on neural networks and learning systems},
	volume={28},
	number={10},
	pages={2222--2232},
	year={2016},
	publisher={IEEE}
}

@article{schuster1997bidirectional,
	title={Bidirectional recurrent neural networks},
	author={Schuster, Mike and Paliwal, Kuldip K},
	journal={IEEE Transactions on Signal Processing},
	volume={45},
	number={11},
	pages={2673--2681},
	year={1997},
	publisher={IEEE}
}
